@book{Chen,
    author={Francis F. Chen},
    title={Introduction to Plasma Physics and Controlled Fusion},
    edition={Third},
    publisher={Springer},
}

@book{Benz1993,
    author={Arnold Benz},
    title={Plasma Astrophysics: Kinetic Processes in Solar and Stellar Coronae},
    volume={184},
    publisher={Springer Science and Business Media Dordrecht},
    year={1993},
}
